<?xml version="1.0" encoding="UTF-8"?><collection xmlns="http://www.loc.gov/MARC21/slim"><record><leader>00440nam--2200157-i-4500</leader><controlfield tag="001">000000130</controlfield><controlfield tag="002">20161230</controlfield><controlfield tag="005">20161230201023</controlfield><controlfield tag="008">060222s1000------------r-----000-0-eng-d</controlfield><datafield ind1=" " ind2=" " tag="080"><subfield code="a">681.327.63(082.1)</subfield></datafield><datafield ind1=" " ind2=" " tag="100"><subfield code="a">Fuller, Samuel H</subfield></datafield><datafield ind1=" " ind2=" " tag="245"><subfield code="a">Analysis of drum and disk storage units</subfield></datafield><datafield ind1=" " ind2=" " tag="260"><subfield code="a">Berlin, Springer-verlag. Ix + 283 P</subfield></datafield><datafield ind1=" " ind2=" " tag="490"><subfield code="a">Lecture Notes In Computer Science</subfield></datafield><datafield ind1=" " ind2=" " tag="700"><subfield code="a">Gross, G. And Hartamanis, J</subfield></datafield><datafield ind1=" " ind2=" " tag="852"><subfield code="a">45381</subfield></datafield></record></collection>